@article{paddock2006flexible,
  title={Flexible distributions for triple-goal estimates in two-stage hierarchical models},
  author={Paddock, Susan M and Ridgeway, Greg and Lin, Rongheng and Louis, Thomas A},
  journal={Computational statistics \& data analysis},
  volume={50},
  number={11},
  pages={3243--3262},
  year={2006},
  publisher={Elsevier}
}
@article{weiss2017much,
  title={How much do the effects of education and training programs vary across sites? Evidence from past multisite randomized trials},
  author={Weiss, Michael J and Bloom, Howard S and Verbitsky-Savitz, Natalya and Gupta, Himani and Vigil, Alma E and Cullinan, Daniel N},
  journal={Journal of Research on Educational Effectiveness},
  volume={10},
  number={4},
  pages={843--876},
  year={2017},
  publisher={Taylor \& Francis}
}

@article{miratrix2021applied,
  title={An applied researcherâ€™s guide to estimating effects from multisite individually randomized trials: Estimands, estimators, and estimates},
  author={Miratrix, Luke W and Weiss, Michael J and Henderson, Brit},
  journal={Journal of Research on Educational Effectiveness},
  volume={14},
  number={1},
  pages={270--308},
  year={2021},
  publisher={Taylor \& Francis}
}

@article{rosenbaum1983central,
  title={The central role of the propensity score in observational studies for causal effects},
  author={Rosenbaum, Paul R and Rubin, Donald B},
  journal={Biometrika},
  volume={70},
  number={1},
  pages={41--55},
  year={1983},
  publisher={Oxford University Press}
}
